@article{karaci2015performance,
  title   = {A performance comparison of c\# 2013, delphi xe6, and python 3.4 languages},
  author  = {KARACI, Abdulkadir},
  journal = {Int J Progr Lang Appl},
  year    = {2015},
  note = {\url{https://wireilla.com/papers/ijpla/V5N3/5315ijpla01.pdf}},
}

@article{pypy,
  title           = {Pypy features},
  author          = {The PyPy team},
  note            = {\url{https://www.pypy.org/features.html}},
}

@article{pythonVsCSQuickSort,
  author          = {Michael Ejdal Lundsgaard},
  title           = {Quick-Sort Performance C\# vs Python},
  year            = {2020},
  note            = {\url{https://cphbusiness.mrooms.net/pluginfile.php/491289/mod_resource/content/1/Artikel%203%20Quick-Sort%20Performance%2C%20C%23%20vs%20Python.pdf}},
}